@inproceedings{Yang2015HumorRA,
  title={Humor Recognition and Humor Anchor Extraction},
  author={Diyi Yang and Alon Lavie and Chris Dyer and Eduard H. Hovy},
  booktitle={EMNLP},
  year={2015}
}
